<?xml version="1.0" encoding="UTF-8"?><collection xmlns="http://www.loc.gov/MARC21/slim"><record><leader>00439nam--2200133-i-4500</leader><controlfield tag="001">000043397</controlfield><controlfield tag="002">20161230</controlfield><controlfield tag="005">20161230201044</controlfield><controlfield tag="008">060222s1000------------r-----000-0-eng-d</controlfield><datafield ind1=" " ind2=" " tag="080"><subfield code="a">541.452:54-32:547</subfield></datafield><datafield ind1=" " ind2=" " tag="245"><subfield code="a">Synthetic procedures in nucleic acid chemistry. vol.1.-preparation of purines, pyramidines, nucleosides and nucleotides</subfield></datafield><datafield ind1=" " ind2=" " tag="260"><subfield code="a">New York, Intersc.Publ.,1968. 570 P</subfield></datafield><datafield ind1=" " ind2=" " tag="700"><subfield code="a">W.Werner Zorbach And R.Stuart</subfield></datafield><datafield ind1=" " ind2=" " tag="852"><subfield code="a">37124</subfield></datafield></record></collection>